{
  "leader": "04741cam a2200433 a 4500",
  "fields": [
    {
      "001": "ocm20087802\\"
    },
    {
      "003": "OCoLC"
    },
    {
      "005": "20220706135605.0"
    },
    {
      "008": "890712s1989\\\\\\\\ctu\\\\\\\\\\\\b\\\\\\\\001\\0\\eng\\\\"
    },
    {
      "010": {
        "ind1": "\\",
        "ind2": "\\",
        "subfields": [
          {
            "a": "   89016634 "
          }
        ]
      }
    },
    {
      "040": {
        "ind1": "\\",
        "ind2": "\\",
        "subfields": [
          {
            "a": "DLC"
          },
          {
            "b": "eng"
          },
          {
            "c": "DLC"
          },
          {
            "d": "MUQ"
          },
          {
            "d": "NLGGC"
          },
          {
            "d": "BTCTA"
          },
          {
            "d": "YDXCP"
          },
          {
            "d": "BAKER"
          },
          {
            "d": "OCLCG"
          },
          {
            "d": "GEBAY"
          },
          {
            "d": "BDX"
          },
          {
            "d": "OCLCO"
          },
          {
            "d": "OCLCF"
          },
          {
            "d": "GYG"
          },
          {
            "d": "OCLCQ"
          },
          {
            "d": "OCLCO"
          },
          {
            "d": "DEBBG"
          },
          {
            "d": "OCLCQ"
          },
          {
            "d": "CSJ"
          },
          {
            "d": "OCLCO"
          },
          {
            "d": "OCLCQ"
          },
          {
            "d": "OCLCO"
          },
          {
            "d": "EUM"
          },
          {
            "d": "OCLCA"
          },
          {
            "d": "VRC"
          },
          {
            "d": "OCLCO"
          }
        ]
      }
    },
    {
      "019": {
        "ind1": "\\",
        "ind2": "\\",
        "subfields": [
          {
            "a": "1120814215"
          },
          {
            "a": "1164540520"
          },
          {
            "a": "1175733826"
          },
          {
            "a": "1176268481"
          }
        ]
      }
    },
    {
      "020": {
        "ind1": "\\",
        "ind2": "\\",
        "subfields": [
          {
            "a": "0819552046"
          }
        ]
      }
    },
    {
      "020": {
        "ind1": "\\",
        "ind2": "\\",
        "subfields": [
          {
            "a": "9780819552044"
          }
        ]
      }
    },
    {
      "035": {
        "ind1": "\\",
        "ind2": "\\",
        "subfields": [
          {
            "a": "(OCoLC)20087802"
          },
          {
            "z": "(OCoLC)1120814215"
          },
          {
            "z": "(OCoLC)1164540520"
          },
          {
            "z": "(OCoLC)1175733826"
          },
          {
            "z": "(OCoLC)1176268481"
          }
        ]
      }
    },
    {
      "043": {
        "ind1": "\\",
        "ind2": "\\",
        "subfields": [
          {
            "a": "n-us---"
          }
        ]
      }
    },
    {
      "050": {
        "ind1": "0",
        "ind2": "0",
        "subfields": [
          {
            "a": "HV97.C3"
          },
          {
            "b": "L34 1989"
          }
        ]
      }
    },
    {
      "082": {
        "ind1": "0",
        "ind2": "0",
        "subfields": [
          {
            "a": "361.76320973"
          },
          {
            "b": "LAG"
          }
        ]
      }
    },
    {
      "100": {
        "ind1": "1",
        "ind2": "\\",
        "subfields": [
          {
            "a": "Lagemann, Ellen Condliffe,"
          },
          {
            "d": "1945-"
          }
        ]
      }
    },
    {
      "245": {
        "ind1": "1",
        "ind2": "4",
        "subfields": [
          {
            "a": "The politics of knowledge :"
          },
          {
            "b": "the Carnegie Corporation, philanthropy, and public policy /"
          },
          {
            "c": "Ellen Condliffe Lagemann."
          }
        ]
      }
    },
    {
      "250": {
        "ind1": "\\",
        "ind2": "\\",
        "subfields": [
          {
            "a": "1st ed."
          }
        ]
      }
    },
    {
      "260": {
        "ind1": "\\",
        "ind2": "\\",
        "subfields": [
          {
            "a": "Middletown, Conn. :"
          },
          {
            "b": "Wesleyan University Press,"
          },
          {
            "c": "\u00a91989."
          }
        ]
      }
    },
    {
      "300": {
        "ind1": "\\",
        "ind2": "\\",
        "subfields": [
          {
            "a": "xv, 347 pages ;"
          },
          {
            "c": "24 cm"
          }
        ]
      }
    },
    {
      "336": {
        "ind1": "\\",
        "ind2": "\\",
        "subfields": [
          {
            "a": "text"
          },
          {
            "b": "txt"
          },
          {
            "2": "rdacontent"
          }
        ]
      }
    },
    {
      "337": {
        "ind1": "\\",
        "ind2": "\\",
        "subfields": [
          {
            "a": "unmediated"
          },
          {
            "b": "n"
          },
          {
            "2": "rdamedia"
          }
        ]
      }
    },
    {
      "338": {
        "ind1": "\\",
        "ind2": "\\",
        "subfields": [
          {
            "a": "volume"
          },
          {
            "b": "nc"
          },
          {
            "2": "rdacarrier"
          }
        ]
      }
    },
    {
      "504": {
        "ind1": "\\",
        "ind2": "\\",
        "subfields": [
          {
            "a": "Includes bibliographical references and index."
          }
        ]
      }
    },
    {
      "505": {
        "ind1": "0",
        "ind2": "\\",
        "subfields": [
          {
            "a": "Introduction : The politics of knowledge -- Chapter One : Liberal commitments -- From politics to philanthropy -- Sweetness and light -- The administration of the Carnegie corporation -- Scientific philanthropy -- Chapter two : A clearinghouse of American science : The national research council -- George Ellery Hale and the national academy of sciences -- James McKeen Cattell and the AAAS's committee of one hundred -- The national research council -- Elihu Root : Hale's \"Valued and beloved advisor\" -- Chapter Three : Propaganda or research? : Creating an institute of economics -- The early debates : \"Propaganda\" or \"research\" -- The founding of the national bureau of economic research -- Carnegie corporation grants to the NBER -- Additional grants and indirect assistance -- Chapter four : Conceptualists vs. realists : An institute to restate the law -- An alliance of legal scholars and corporate lawyers -- Assistance from the Carnegie philanthropies -- Legal realists in dissent -- Defending the ALI -- Cultural philanthropy -- Chapter five : Mission vs. Market : Organizing the education of everyone -- Frederick Paul Keppel as president of the Carnegie corporation -- Organizing cultural leadership through conferences and associations -- Organizing cultural leadership through professional education -- Safeguarding culture through excellence in education -- Consistency amid a changing politics -- Chapter six : Public policy and sociology : Gunner Myrdal's An American Dilemma -- The origins of the Myrdal study : \"Negro education\" -- The corporation's hopes : A new approach to \"negro education\" -- Planning a study that would be \"objective\" -- Defining the study -- An American Dilemma, a study in the mold of Chicago sociology -- Strategic philanthropy -- Chapter seven : Effective expertise : New designs for social research -- John Dollard and personality and culture studies -- Charles Dollard and cross-disciplinary research -- Frederick Osborn and survey research -- The Harvard department of social relations -- A strategic relationship : other grants to Harvard -- Diffusing a cross-disciplinary, behavioral approach -- Chapter eight : Leadership and education : The new men -- John W. Gardner : from psychology to philanthropy -- The education of James B. Conant -- James B. Conant and the Carnegie corporation : a mutually beneficial partnership -- Conant vs. the educational establishment -- Excellence and equality : laying the groundwork for ESEA -- Chapter nine : Steadfast liberalism : Poverty, protest, and reform -- Poverty : Alan Pifer's new agenda -- A Carnegie commission on educational television -- A Carnegie commission on higher education -- \"Sesame Street\" : an experiment with television for children -- All our children : the report of another Carnegie council -- Liberal commitments challanged : the influence of Christopher Jencks -- Liberal commitments redefined : the influence of Marian Wright Edelman -- Conclusion : American dilemmas."
          }
        ]
      }
    },
    {
      "610": {
        "ind1": "2",
        "ind2": "0",
        "subfields": [
          {
            "a": "Carnegie Corporation of New York"
          },
          {
            "x": "History."
          }
        ]
      }
    },
    {
      "650": {
        "ind1": "\\",
        "ind2": "0",
        "subfields": [
          {
            "a": "Endowments"
          },
          {
            "z": "United States."
          }
        ]
      }
    },
    {
      "651": {
        "ind1": "\\",
        "ind2": "0",
        "subfields": [
          {
            "a": "United States"
          },
          {
            "x": "Social policy."
          }
        ]
      }
    },
    {
      "610": {
        "ind1": "2",
        "ind2": "7",
        "subfields": [
          {
            "a": "Carnegie Corporation of New York."
          },
          {
            "2": "fast"
          },
          {
            "0": "(OCoLC)fst00543191"
          }
        ]
      }
    },
    {
      "650": {
        "ind1": "\\",
        "ind2": "7",
        "subfields": [
          {
            "a": "Endowments."
          },
          {
            "2": "fast"
          },
          {
            "0": "(OCoLC)fst00909854"
          }
        ]
      }
    },
    {
      "650": {
        "ind1": "\\",
        "ind2": "7",
        "subfields": [
          {
            "a": "Social policy."
          },
          {
            "2": "fast"
          },
          {
            "0": "(OCoLC)fst01122738"
          }
        ]
      }
    },
    {
      "651": {
        "ind1": "\\",
        "ind2": "7",
        "subfields": [
          {
            "a": "United States."
          },
          {
            "2": "fast"
          },
          {
            "0": "(OCoLC)fst01204155"
          }
        ]
      }
    },
    {
      "655": {
        "ind1": "\\",
        "ind2": "7",
        "subfields": [
          {
            "a": "History."
          },
          {
            "2": "fast"
          },
          {
            "0": "(OCoLC)fst01411628"
          }
        ]
      }
    },
    {
      "994": {
        "ind1": "\\",
        "ind2": "\\",
        "subfields": [
          {
            "a": "Z0"
          },
          {
            "b": "NYRVC"
          }
        ]
      }
    },
    {
      "948": {
        "ind1": "\\",
        "ind2": "\\",
        "subfields": [
          {
            "h": "NO HOLDINGS IN NYRVC - 461 OTHER HOLDINGS"
          }
        ]
      }
    },
    {
      "999": {
        "ind1": "\\",
        "ind2": "\\",
        "subfields": [
          {
            "a": "00000000013739"
          }
        ]
      }
    }
  ]
}